@misc{apronus,
  title={English Irregular Verbs with Phonetic Transcription},
  URL ={https://www.apronus.com/learn_english/irregularverbs.htm},
  note = {Accessed 2012-07-23}
}

@InCollection{sep-rationalism-empiricism,
	author       =	{Markie, P.},
	title        =	{Rationalism vs. Empiricism},
	booktitle    =	{The Stanford Encyclopedia of Philosophy},
	editor       =	{Edward N. Zalta},
	howpublished =	{\url{https://plato.stanford.edu/archives/fall2017/entries/rationalism-empiricism/}},
	year         =	{2017},
	edition      =	{Fall 2017},
	publisher    =	{Metaphysics Research Lab, Stanford University}
}

@MISC{conjugacao.com.br,
        TITLE = {"Conjugação de Verbos da Língua Portuguesa"},
        HOWPUBLISHED = {\url{https://www.conjugacao.com.br/}},
        NOTE = {"acessado em 18/11/2017"}}

@ARTICLE{Bybee:1995,
	author = {Bybee, J. L.},
	title = {Language and Cognitive Processes},
	journal = {Language},
	year = {1995},
	volume = {10},
	pages = {425–455},
}

@ARTICLE{Bybee:1983,
	author = {Bybee, J. L. and Moder, C. L.},
	title = {Morphological classes as natural categories. Language},
	journal = {Language},
	year = {1983},
	volume = {59},
	pages = {251-270},
	number = {2},
	month = {June},
	publisher = {Linguistic Society of America}
}

@BOOK{chomsky:1968,
	title = {The sound pattern of English},
	publisher = {MIT Press},
	author = {Chomsky, N. \& Halle, M.},
	year = {1968/1991},
}

@BOOK{paraconhecer:2015,
	title = {Fonética e Fonologia do PortuguÊs Brasileiro},
	publisher = {editora contexto},
	collection = {Para Conhecer},
	author = {Seara, I. C., et al.},
	year = {2015},
}

@Article{Schneider1987,
author="Schneider, W.",
title="Connectionism: Is it a paradigm shift for psychology?",
journal="Behavior Research Methods, Instruments, {\&} Computers",
year="1987",
volume="19",
number="2",
pages="73--83",
}

@Article{pluket:1991,
author="Plunkett, K. \& Marchman, V.",
title="U-shaped learning and frequency effects in a multi-layered perception: Implications for child language acquisition.",
journal="Cognition",
year="1991",
volume="38",
number="1",
pages="43-102",
}




@misc{chollet2015keras,
  title={Keras},
  author={Chollet, Fran\c{c}ois and others},
  year={2015},
  howpublished={\url{https://keras.io}},
}

@ARTICLE{janet:2018,
	author = {Christo Kirov \& Ryan Cotterell},
	title = {Stochastic phonology},
	journal = {GLOT},
	year = {2001},
	volume = {5}
	pages = {1–13},

}

@ARTICLE{kfold:2018,
   author = {Raschka, S.},
    title = "{Model Evaluation, Model Selection, and Algorithm Selection in Machine Learning}",
  journal = {arXiv e-prints},
 keywords = {Computer Science - Machine Learning, Statistics - Machine Learning},
     year = "2018",
    month = "Nov",
      eid = {arXiv:1811.12808},
    pages = {24-26},
}




@ARTICLE{kirov:2018,
	author = {Christo Kirov and Ryan Cotterell},
	title = {Recurrent neural networks in linguistic theory: Revisiting Pinker
and Prince (1988) and the past tense debate.},
	journal = {Transactions of the Association for Computational Linguistics},
	year = {2018},
	pages = { 6:651–665},

}

@misc{tutorial,
  title={Tutorial Encoder-Decoder},
  author={Chollet, Fran\c{c}ois},
  year={2017},
  howpublished={\url{https://blog.keras.io/a-ten-minute-introduction-to-sequence-to-sequence-learning-in-keras.html}},
}

@misc{regulares,
  title = {Lista de Verbos Regulares},
  howpublished = {\url{https://www.conjugacao.com.br/verbos-regulares/}},
}

@misc{irregulares,
  title = {Lista de Verbos Irregulares},
  howpublished = {\url{https://www.conjugacao.com.br/verbos-irregulares/}},
}

@ARTICLE{dimitry:2014,
	author = {
Bahdanau, D. et al.},
	year = {2014},
	title = {Neural Machine Translation
by Jointly Learning to Align and Translate},
	journal = {arXiv e-prints},
	month = {September},
	publisher = {Linguistic Society of America},
}

@BOOK{marcus:1992,
	title = {Overregularization in language acquisition. Monographs of the Society for Research in Child Development},
	author = {Marcus, G., et al.},
	year = {1992},
}

@ARTICLE{Pinker:1988,
	author = {Pinker, S. and Prince, A.},
	title = {On language and connectionism: Analysis of a parallel distributed
processing model of language acquisition},
	journal = {Cognition},
	year = {1988},
	volume = {28},
	pages = {73-193},
	number = {2},
	month = {March},
}

@ARTICLE{hubel:1962,
	author = {Hubel, D. H. and Wiesel, T. N.},
	title = {Receptive Fields, Binocular Interaction and Funcational Architecture in the Cat's Visual Cortex},
	journal = {The Journal of Physiology},
	year = {1962},
	volume = {160},
	pages = {106-154},
	month = {July},
}


@BOOK{Pinker:1999,
	title = {In Single Combat." Words and Rules: The Ingredients of Language},
    author = {Pinker, S.},
    year = {1999},
    publisher = {Harper Perennial},

}

@BOOK{Pinker:languageinstinct,
	title = {The Language Instinct},
    author = {Pinker, S.},
    year = {1994/2007},
    publisher = {NY: Harper Perennial Modern Classics},
    pages = {297}
    address ={New York}

}


@BOOK{Nelson:2010,
	title = {English: an Essential Grammar},
    author = {Nelson, G.},
    year = {2010},
    publisher = {Routledge.},
}


 Silberztein, Max (2013). "NooJ Computational Devices". Formalising Natural Languages with NooJ. pp. 1–13.


@BOOK{1972:camara,
	title = {Dispersos de J. Mattoso Camara Jr.},
    author = {Câmara Jr., J. M.},
    year = {1972},
    publisher = {Lucerna},
    edition = {3},
    pages = {131-146},
    address = {Rio de Janeiro}
}

@book{Manning:1999,
 author = {Manning, Christopher D. and Sch\"{u}tze, Hinrich},
 title = {Foundations of Statistical Natural Language Processing},
 year = {1999},
 isbn = {0-262-13360-1},
 publisher = {MIT Press},
 address = {Cambridge, MA, USA},
} 

@BOOK{josh:2017,
	title = {Deep Learning},
    author = {Patterson, J. and Gibson, A.},
    year = {2017},
    publisher = {O'Reilly Media, Inc},

}

@book{Goodfellow-et-al-2016,
    title={Deep Learning},
    author={Ian Goodfellow and Yoshua Bengio and Aaron Courville},
    publisher={MIT Press},
    note={\url{http://www.deeplearningbook.org}},
    year={2016}
}

@BOOK{rashid:2016,
	title = {Make Your Own Neural Network: A Gentle Journey Through the Mathematics of Neural Networks, and Making Your Own Using the Python Computer Language},
	author = {Rashid, T.},
	year = {2016},
}

@BOOK{mitchell:2015,
	title = {Web Scraping with Python},
	author = {Mitchell, R.},
	year = {2015},
	publisher = {O'Reilly Media, Inc.}
}

@ARTICLE{enc-dec:2014,
       author = {Cho, K.  et al.},
        title = "{Learning Phrase Representations using RNN Encoder-Decoder for Statistical Machine Translation}",
      journal = {arXiv e-prints},
         year = "2014",
        month = "Jun",
}

@ARTICLE{seq2seq:2014,
       author = {Sutskever, I. et. al.},
        title = "{Sequence to Sequence Learning with Neural Networks}",
      journal = {arXiv e-prints},
         year = "2014",
}



@ARTICLE{word2vec:2013,
       author = {Mikolov, T. et. al.},
        title = "{Distributed Representations of Words and Phrases and their Compositionality}",
      journal = {arXiv e-prints},
         year = "2013",
}




@BOOK{harris:2013,
	title = {Digital design and computer architecture},
	edition = {2},
	publisher = {Morgan Kaufmann},
	author = {Harris, D. and Harris, S.},
	year = {2013},
	pages = {86}
}



@BOOK{rumelhart:1986,
	title = {On learning the past tenses of English verbs},
	publisher = {Bradford Books/MIT Press},
	author = {Rumelhart, D. E. and McClelland, J. L},
	year = {1986},
}

@mastersthesis{wuerges:2014,
  author       = {Wuerges, E. T.}, 
  title        = {A Aquisição da Morfologia Verbal por Crianças Falantes de Português Brasileiro e o Uso de Formas Variantes},
  school       = {University of Sao Paulo},
  year         = 2014,
}

@mastersthesis{guide:2016,
  author       = {Guide, Bruno Ferrari}, 
  title        = {Abordagem computacional para a questão do acento no português brasileiro},
  school       = {University of Sao Paulo},
  year         = 2016,
}


